@book{aard11,
author = "{Alberta Agriculture and Rural Development}",
title = "Water Sampling: Field Equipment and Techniques",
year = "2011",
publisher = "Government of Alberta",
url = "www1.agric.gov.ab.ca/$department/deptdocs.nsf/all/wqe11072"
}$

@book{haluzan08,
author = "Haluzan, Ned",
title = "Arctic Ice Sheet - Smallest of all time",
year = "2008",
publisher = "Climate Change Articles",
url = "climatechangearticles.blogspot.com/2008/05/arctic-ice-sheet-smallest-of-all-time.html"
}

@book{watkins12,
author = "Watkins, Thayer",
title = "The Upper and Lower Limits on Animal Siza",
year = "2012",
publisher = "applet-magic.com",
url = "ww.sjsu.edu/faculty/watkins/scalelimts.html"
}

@book{uigi12,
author = "{UIGI.com}",
title = "Air: Its Composition and Properties",
year = "2012",
publisher = "Universal Industrial Gases, Inc.",
url = "www.uigi.com/air.html"
}

@article{milius12,
author = "Milius, Susan",
title = "Mantis Shrimp flub color vision test",
journal = "Science News",
year = "2012",
volume = "182",
number = "6",
pages = "11"
}

@book{isueo12,
author = "{Iowa State University Extension and Outreach}",
title = "Growing Sunflowers!",
year = "2012",
publisher = "Iowa State Univsersity",
url = "www.growinginthegarden.org/growing-sunflower.html"
}

@book{hatter12,
author = "Hatter, Kathryn",
title = "How to Harvest Sunflower Seeds for Planting Next Season",
year = "2012",
publisher = "Demand Media",
url = "www.gardenguides.com/67573-harvest-sunflower-seeds-planting-next-season.html"
}

@incollection{putnam90,
author = "Putnam, D. H. and Oplinger and Hicks and Durgan and Noetzel and Meronuck and Doll and Schulte",
booktitle = "Alternatvie Field Crops Manual",
title = "Sunflower",
year = "1990",
publisher = "{University of Wisconsin Cooperative Extension Service, and University of Minnesota Extension Service and Center for Alternative Plant and Animal Products}",
url = "www.hort.purdue.edu/newcrop/afcm/index.html"
}

@book{gw12,
author = "{Gardeners'World.com}",
title = "How to Grow Sunflowers From Seed",
year = "2012",
publisher = "Immediate Media Company Ltd.",
url = "www.gardenersworld.com/how-to/projects/fruit-and-vegetables/how-to-grow-sunflowers-from-seed/325.html"
}

@book{tofa12,
author = "{The Old Farmer's Almanac}",
title = "Sunflowers",
year = "2012",
publisher = "Yankee Publishing, Inc.",
url = "www.almanac.com/plant/sunflowers"
}

@book{welter12,
author = "Welter, Sonya",
title = "How to Grow Sunflowers With Fluorescent Light",
year = "2012",
publisher = "Demand Media",
url = "www.gardenguides.com/98631-grow-sunflowers-indoors-fluorescent-light.html"
}

@book{nrcs12,
author = "{Natural Resources Conservation Service}",
title = "Classification for Kingdom Plantae Down to Species \emph{Helianthus annuus}",
year = "2012",
publisher = "United States Department of Agriculture",
url = "plants.usda.gov/java/ClassificationServlet?source=continue&name=common%20sunflower"
}

@book{pbo05,
author = "{Plant Biosafety Office}",
title = "The Biology of {\emph{Helianthus annuus} L.}",
year = "2005",
publisher = "Canadian Food Inspection Agency",
url = "cera-gmc.org/decdocs/05-209-009.pdf"
}

@book{heyer10,
author = "Heyer, Judy",
title = "Sunflowers",
year = "2010",
publisher = "Demand Media",
url = "www.gardenguides.com/121-sunflowers.html"
}

@book{wsucce03,
author = "{WSU Clark County Extension}",
title = "Sunflowers",
year = "2003",
publisher = "Washington State University",
url = "clark.wsu.edu/volunteer/mg/gm_tips/sunflowers.html"
}

@book{cheryll00,
author = "Cheryll, Kelly Greenwood",
title = "Sunflowers, Part {II}: More about common and not-so-common sunflowers",
year = "2000",
publisher = "Washington State University",
url = "whatcom.wsu.edu/ag/homehort/plant/sunflowerii.html"
}
